
@article{vasishth2013,
	title = {What eye movements can tell us about sentence comprehension},
	author = {Vasishth, Shravan and von der Malsburg, Titus and Engelmann, Felix},
	year = {2013},
	date = {2013},
	journal = {Wiley Interdisciplinary Reviews: Cognitive Science},
	pages = {125--134},
	volume = {4},
	number = {2},
	doi = {10.1002/wcs.1209}
}

@article{biondo2022,
	title = {Yesterday is history, tomorrow is a mystery: An eye-tracking investigation of the processing of past and future time reference during sentence reading.},
	author = {Biondo, Nicoletta and Soilemezidi, Marielena and Mancini, Simona},
	year = {2022},
	month = {07},
	date = {2022-07},
	journal = {Journal of Experimental Psychology: Learning, Memory, and Cognition},
	pages = {1001--1018},
	volume = {48},
	number = {7},
	doi = {10.1037/xlm0001053},
	url = {http://doi.apa.org/getdoi.cfm?doi=10.1037/xlm0001053},
	langid = {en}
}
